@misc{nist197,
  title={{Advanced Encryption Standard (AES)}},
  year = {2001},
  author={NIST},
  publisher={FIPS PUB}
}

@article{DBLP:journals/tc/CassiersGLS21,
  author    = {Ga{\"{e}}tan Cassiers and
               Benjamin Gr{\'{e}}goire and
               Itamar Levi and
               Fran{\c{c}}ois{-}Xavier Standaert},
  title     = {Hardware Private Circuits: From Trivial Composition to Full Verification},
  journal   = {{IEEE} Trans. Computers},
  volume    = {70},
  number    = {10},
  pages     = {1677--1690},
  year      = {2021}
}

@inproceedings{DBLP:conf/sec/BoyarP12,
  author    = {Joan Boyar and
               Ren{\'{e}} Peralta},
  title     = {A Small Depth-16 Circuit for the {AES} S-Box},
  booktitle = {{SEC}},
  series    = {{IFIP} Advances in Information and Communication Technology},
  volume    = {376},
  pages     = {287--298},
  publisher = {Springer},
  year      = {2012}
}

@inproceedings{DBLP:conf/cosade/MominCS22,
  author    = {Charles Momin and
               Ga{\"{e}}tan Cassiers and
               Fran{\c{c}}ois{-}Xavier Standaert},
  title     = {Handcrafting: Improving Automated Masking in Hardware with Manual
               Optimizations},
  booktitle = {{COSADE}},
  series    = {Lecture Notes in Computer Science},
  volume    = {13211},
  pages     = {257--275},
  publisher = {Springer},
  year      = {2022}
}


@incollection{DBLP:series/lncs/CanniereP08,
  author    = {Christophe De Canni{\`{e}}re and
               Bart Preneel},
  editor    = {Matthew J. B. Robshaw and
               Olivier Billet},
  title     = {Trivium},
  booktitle = {New Stream Cipher Designs - The eSTREAM Finalists},
  series    = {Lecture Notes in Computer Science},
  volume    = {4986},
  pages     = {244--266},
  publisher = {Springer},
  year      = {2008},
  url       = {https://doi.org/10.1007/978-3-540-68351-3\_18},
  doi       = {10.1007/978-3-540-68351-3\_18},
  timestamp = {Tue, 14 May 2019 10:00:55 +0200},
  biburl    = {https://dblp.org/rec/series/lncs/CanniereP08.bib},
  bibsource = {dblp computer science bibliography, https://dblp.org}
}



@inproceedings{DBLP:conf/isw/Canniere06,
  author    = {Christophe De Canni{\`{e}}re},
  editor    = {Sokratis K. Katsikas and
               Javier L{\'{o}}pez and
               Michael Backes and
               Stefanos Gritzalis and
               Bart Preneel},
  title     = {Trivium: {A} Stream Cipher Construction Inspired by Block Cipher Design
               Principles},
  booktitle = {Information Security, 9th International Conference, {ISC} 2006, Samos
               Island, Greece, August 30 - September 2, 2006, Proceedings},
  series    = {Lecture Notes in Computer Science},
  volume    = {4176},
  pages     = {171--186},
  publisher = {Springer},
  year      = {2006},
  url       = {https://doi.org/10.1007/11836810\_13},
  doi       = {10.1007/11836810\_13},
  timestamp = {Thu, 29 Aug 2019 08:10:00 +0200},
  biburl    = {https://dblp.org/rec/conf/isw/Canniere06.bib},
  bibsource = {dblp computer science bibliography, https://dblp.org}
}


@article{DBLP:journals/tches/CassiersS21,
  author    = {Ga{\"{e}}tan Cassiers and
               Fran{\c{c}}ois{-}Xavier Standaert},
  title     = {Provably Secure Hardware Masking in the Transition- and Glitch-Robust
               Probing Model: Better Safe than Sorry},
  journal   = {{IACR} Trans. Cryptogr. Hardw. Embed. Syst.},
  volume    = {2021},
  number    = {2},
  pages     = {136--158},
  year      = {2021}
}

@inproceedings{DBLP:conf/ches/Canright05,
  author       = {David Canright},
  title        = {A Very Compact S-Box for {AES}},
  booktitle    = {{CHES}},
  series       = {Lecture Notes in Computer Science},
  volume       = {3659},
  pages        = {441--455},
  publisher    = {Springer},
  year         = {2005}
}



@article{DBLP:journals/tches/CassiersGMMN24,
  author       = {Ga{\"{e}}tan Cassiers and
                  Barbara Gigerl and
                  Stefan Mangard and
                  Charles Momin and
                  Rishub Nagpal},
  title        = {Compress: Generate Small and Fast Masked Pipelined Circuits},
  journal      = {{IACR} Trans. Cryptogr. Hardw. Embed. Syst.},
  volume       = {2024},
  number       = {3},
  pages        = {500--529},
  year         = {2024}
}

@article{CiC-1-2-4,
    author = "Cassiers, Gaëtan and Masure, Loïc and Momin, Charles and Moos, Thorben and Moradi, Amir and Standaert, François-Xavier",
    journal = "{IACR} {C}ommunications in {C}ryptology",
    publisher = "{I}nternational {A}ssociation for {C}ryptologic {R}esearch",
    title = "Randomness Generation for Secure Hardware Masking – Unrolled Trivium to the Rescue",
    volume = "1",
    number = "2",
    date = "2024-07-08",
    year = "2024",
    issn = "3006-5496",
    doi = "10.62056/akdkp2fgx"
}

@inproceedings{DBLP:conf/ccs/Knichel022,
  author       = {David Knichel and
                  Amir Moradi},
  title        = {Low-Latency Hardware Private Circuits},
  booktitle    = {{CCS}},
  pages        = {1799--1812},
  publisher    = {{ACM}},
  year         = {2022}
}


